<record><leader>00000cas a22000007a 4500</leader><controlfield tag="001">13460771</controlfield><controlfield tag="008">860421d19501950nvuwr ne      0    0eng d</controlfield><datafield ind1=" " ind2=" " tag="010"><subfield code="a">sn 86076043 </subfield></datafield><datafield ind1=" " ind2=" " tag="040"><subfield code="a">NNX</subfield><subfield code="b">eng</subfield><subfield code="c">NNX</subfield><subfield code="d">OCLCQ</subfield></datafield><datafield ind1=" " ind2=" " tag="042"><subfield code="a">msc</subfield></datafield><datafield ind1="0" ind2="4" tag="245"><subfield code="a">The Nevada independent and Reno reporter.</subfield></datafield><datafield ind1=" " ind2=" " tag="260"><subfield code="a">Reno, Nev. :</subfield><subfield code="b">Silver State Press,</subfield><subfield code="c">1950.</subfield></datafield><datafield ind1=" " ind2=" " tag="300"><subfield code="a">1 v. :</subfield><subfield code="b">ill.</subfield></datafield><datafield ind1=" " ind2=" " tag="310"><subfield code="a">Weekly</subfield></datafield><datafield ind1="0" ind2=" " tag="362"><subfield code="a">Vol. 3, no. 30 (Mar. 30, 1950)-v. 3, no. 45 (June 29, 1950).</subfield></datafield><datafield ind1=" " ind2=" " tag="530"><subfield code="a">Microfilm available from Bay Microfilm.</subfield></datafield><datafield ind1=" " ind2=" " tag="752"><subfield code="a">United States</subfield><subfield code="b">Nevada</subfield><subfield code="c">Washoe</subfield><subfield code="d">Reno.</subfield></datafield><datafield ind1="0" ind2="0" tag="780"><subfield code="t">Reno reporter</subfield><subfield code="w">(DLC)sn 86076042</subfield><subfield code="w">(OCoLC)13460833</subfield></datafield><datafield ind1="0" ind2="0" tag="785"><subfield code="t">Nevada independent (Reno, Nev. : 1950)</subfield><subfield code="w">(DLC)sn 86076044</subfield><subfield code="w">(OCoLC)13460810</subfield></datafield></record>